@misc{tromso,
  author = {Visit Troms{\o}},
  title = {Official travel guide to Troms{\o}},
  howpublished = "\url{www.visittromso.no/en}",
  year = {2017}, 
  note = "[Online; accessed 23-October-2017]"
}